%YAML 1.1
%TAG !u! tag:unity3d.com,2011:
--- !u!1 &2500024855192907920
GameObject:
  m_ObjectHideFlags: 0
  m_CorrespondingSourceObject: {fileID: 0}
  m_PrefabInstance: {fileID: 0}
  m_PrefabAsset: {fileID: 0}
  serializedVersion: 6
  m_Component:
  - component: {fileID: 2500024855192907932}
  - component: {fileID: 2500024855192907933}
  - component: {fileID: 2500024855192907922}
  - component: {fileID: 5671426553749384693}
  - component: {fileID: 2500024855192907935}
  - component: {fileID: 2500024855192907934}
  - component: {fileID: 9211223144369727987}
  - component: {fileID: 2500024855192907928}
  - component: {fileID: 2500024855192907929}
  - component: {fileID: -1506854628276711148}
  m_Layer: 0
  m_Name: EnemyArmored
  m_TagString: Enemy
  m_Icon: {fileID: 0}
  m_NavMeshLayer: 0
  m_StaticEditorFlags: 0
  m_IsActive: 1
--- !u!4 &2500024855192907932
Transform:
  m_ObjectHideFlags: 0
  m_CorrespondingSourceObject: {fileID: 0}
  m_PrefabInstance: {fileID: 0}
  m_PrefabAsset: {fileID: 0}
  m_GameObject: {fileID: 2500024855192907920}
  m_LocalRotation: {x: 0, y: 0, z: 0, w: 1}
  m_LocalPosition: {x: 6.55, y: 1, z: -2.83}
  m_LocalScale: {x: 1, y: 1, z: 1}
  m_Children:
  - {fileID: 7352963221062475940}
  - {fileID: 8535831553183587824}
  - {fileID: 8416762316734077022}
  m_Father: {fileID: 0}
  m_RootOrder: 0
  m_LocalEulerAnglesHint: {x: 0, y: 0, z: 0}
--- !u!33 &2500024855192907933
MeshFilter:
  m_ObjectHideFlags: 0
  m_CorrespondingSourceObject: {fileID: 0}
  m_PrefabInstance: {fileID: 0}
  m_PrefabAsset: {fileID: 0}
  m_GameObject: {fileID: 2500024855192907920}
  m_Mesh: {fileID: 10207, guid: 0000000000000000e000000000000000, type: 0}
--- !u!23 &2500024855192907922
MeshRenderer:
  m_ObjectHideFlags: 0
  m_CorrespondingSourceObject: {fileID: 0}
  m_PrefabInstance: {fileID: 0}
  m_PrefabAsset: {fileID: 0}
  m_GameObject: {fileID: 2500024855192907920}
  m_Enabled: 0
  m_CastShadows: 1
  m_ReceiveShadows: 1
  m_DynamicOccludee: 1
  m_MotionVectors: 1
  m_LightProbeUsage: 1
  m_ReflectionProbeUsage: 1
  m_RayTracingMode: 2
  m_RenderingLayerMask: 1
  m_RendererPriority: 0
  m_Materials:
  - {fileID: 10303, guid: 0000000000000000f000000000000000, type: 0}
  m_StaticBatchInfo:
    firstSubMesh: 0
    subMeshCount: 0
  m_StaticBatchRoot: {fileID: 0}
  m_ProbeAnchor: {fileID: 0}
  m_LightProbeVolumeOverride: {fileID: 0}
  m_ScaleInLightmap: 1
  m_ReceiveGI: 1
  m_PreserveUVs: 0
  m_IgnoreNormalsForChartDetection: 0
  m_ImportantGI: 0
  m_StitchLightmapSeams: 1
  m_SelectedEditorRenderState: 3
  m_MinimumChartSize: 4
  m_AutoUVMaxDistance: 0.5
  m_AutoUVMaxAngle: 89
  m_LightmapParameters: {fileID: 0}
  m_SortingLayerID: 0
  m_SortingLayer: 0
  m_SortingOrder: 0
--- !u!136 &5671426553749384693
CapsuleCollider:
  m_ObjectHideFlags: 0
  m_CorrespondingSourceObject: {fileID: 0}
  m_PrefabInstance: {fileID: 0}
  m_PrefabAsset: {fileID: 0}
  m_GameObject: {fileID: 2500024855192907920}
  m_Material: {fileID: 0}
  m_IsTrigger: 0
  m_Enabled: 1
  m_Radius: 1.1
  m_Height: 3.25
  m_Direction: 1
  m_Center: {x: 0, y: 1.5, z: 0}
--- !u!54 &2500024855192907935
Rigidbody:
  m_ObjectHideFlags: 0
  m_CorrespondingSourceObject: {fileID: 0}
  m_PrefabInstance: {fileID: 0}
  m_PrefabAsset: {fileID: 0}
  m_GameObject: {fileID: 2500024855192907920}
  serializedVersion: 2
  m_Mass: 1
  m_Drag: 0
  m_AngularDrag: 0.05
  m_UseGravity: 0
  m_IsKinematic: 0
  m_Interpolate: 0
  m_Constraints: 126
  m_CollisionDetection: 0
--- !u!114 &2500024855192907934
MonoBehaviour:
  m_ObjectHideFlags: 0
  m_CorrespondingSourceObject: {fileID: 0}
  m_PrefabInstance: {fileID: 0}
  m_PrefabAsset: {fileID: 0}
  m_GameObject: {fileID: 2500024855192907920}
  m_Enabled: 1
  m_EditorHideFlags: 0
  m_Script: {fileID: 11500000, guid: 4d68af68268bf7442a8ef2ba0f16daa0, type: 3}
  m_Name: 
  m_EditorClassIdentifier: 
  maximumHealth: 6
  currentHealth: 6
  resistance: 0
  healthBar: {fileID: 0}
--- !u!114 &9211223144369727987
MonoBehaviour:
  m_ObjectHideFlags: 0
  m_CorrespondingSourceObject: {fileID: 0}
  m_PrefabInstance: {fileID: 0}
  m_PrefabAsset: {fileID: 0}
  m_GameObject: {fileID: 2500024855192907920}
  m_Enabled: 1
  m_EditorHideFlags: 0
  m_Script: {fileID: 11500000, guid: 9ced13cd5cf3ef4468cf788a91a49a4a, type: 3}
  m_Name: 
  m_EditorClassIdentifier: 
  type: 3
  variations:
  - {fileID: 7352963221062821238}
  - {fileID: 8535831553183378334}
  - {fileID: 8416762316733833712}
  agent: {fileID: -1506854628276711148}
--- !u!114 &2500024855192907928
MonoBehaviour:
  m_ObjectHideFlags: 0
  m_CorrespondingSourceObject: {fileID: 0}
  m_PrefabInstance: {fileID: 0}
  m_PrefabAsset: {fileID: 0}
  m_GameObject: {fileID: 2500024855192907920}
  m_Enabled: 1
  m_EditorHideFlags: 0
  m_Script: {fileID: 11500000, guid: 234fa846198bdbc48bab015616c9bbae, type: 3}
  m_Name: 
  m_EditorClassIdentifier: 
  damage: 2
--- !u!114 &2500024855192907929
MonoBehaviour:
  m_ObjectHideFlags: 0
  m_CorrespondingSourceObject: {fileID: 0}
  m_PrefabInstance: {fileID: 0}
  m_PrefabAsset: {fileID: 0}
  m_GameObject: {fileID: 2500024855192907920}
  m_Enabled: 1
  m_EditorHideFlags: 0
  m_Script: {fileID: 11500000, guid: e617e6c983ae4d449b411c096572f4b0, type: 3}
  m_Name: 
  m_EditorClassIdentifier: 
  movementSpeed: 2
  agent: {fileID: -1506854628276711148}
--- !u!195 &-1506854628276711148
NavMeshAgent:
  m_ObjectHideFlags: 0
  m_CorrespondingSourceObject: {fileID: 0}
  m_PrefabInstance: {fileID: 0}
  m_PrefabAsset: {fileID: 0}
  m_GameObject: {fileID: 2500024855192907920}
  m_Enabled: 1
  m_AgentTypeID: 0
  m_Radius: 0.75
  m_Speed: 3.5
  m_Acceleration: 8
  avoidancePriority: 50
  m_AngularSpeed: 120
  m_StoppingDistance: 0
  m_AutoTraverseOffMeshLink: 1
  m_AutoBraking: 1
  m_AutoRepath: 1
  m_Height: 2
  m_BaseOffset: 0
  m_WalkableMask: 4294967295
  m_ObstacleAvoidanceType: 4
--- !u!1001 &7352963221062939804
PrefabInstance:
  m_ObjectHideFlags: 0
  serializedVersion: 2
  m_Modification:
    m_TransformParent: {fileID: 2500024855192907932}
    m_Modifications:
    - target: {fileID: 119274, guid: 6c48ed3b2c64908448212ef062aace3e, type: 3}
      propertyPath: m_Name
      value: SA_Zombie_Firefighter
      objectReference: {fileID: 0}
    - target: {fileID: 463928, guid: 6c48ed3b2c64908448212ef062aace3e, type: 3}
      propertyPath: m_LocalPosition.x
      value: 0
      objectReference: {fileID: 0}
    - target: {fileID: 463928, guid: 6c48ed3b2c64908448212ef062aace3e, type: 3}
      propertyPath: m_LocalPosition.y
      value: 0
      objectReference: {fileID: 0}
    - target: {fileID: 463928, guid: 6c48ed3b2c64908448212ef062aace3e, type: 3}
      propertyPath: m_LocalPosition.z
      value: 0
      objectReference: {fileID: 0}
    - target: {fileID: 463928, guid: 6c48ed3b2c64908448212ef062aace3e, type: 3}
      propertyPath: m_LocalRotation.x
      value: 0
      objectReference: {fileID: 0}
    - target: {fileID: 463928, guid: 6c48ed3b2c64908448212ef062aace3e, type: 3}
      propertyPath: m_LocalRotation.y
      value: 0
      objectReference: {fileID: 0}
    - target: {fileID: 463928, guid: 6c48ed3b2c64908448212ef062aace3e, type: 3}
      propertyPath: m_LocalRotation.z
      value: 0
      objectReference: {fileID: 0}
    - target: {fileID: 463928, guid: 6c48ed3b2c64908448212ef062aace3e, type: 3}
      propertyPath: m_LocalRotation.w
      value: 1
      objectReference: {fileID: 0}
    - target: {fileID: 463928, guid: 6c48ed3b2c64908448212ef062aace3e, type: 3}
      propertyPath: m_RootOrder
      value: 0
      objectReference: {fileID: 0}
    - target: {fileID: 463928, guid: 6c48ed3b2c64908448212ef062aace3e, type: 3}
      propertyPath: m_LocalEulerAnglesHint.x
      value: 0
      objectReference: {fileID: 0}
    - target: {fileID: 463928, guid: 6c48ed3b2c64908448212ef062aace3e, type: 3}
      propertyPath: m_LocalEulerAnglesHint.y
      value: 0
      objectReference: {fileID: 0}
    - target: {fileID: 463928, guid: 6c48ed3b2c64908448212ef062aace3e, type: 3}
      propertyPath: m_LocalEulerAnglesHint.z
      value: 0
      objectReference: {fileID: 0}
    m_RemovedComponents: []
  m_SourcePrefab: {fileID: 100100000, guid: 6c48ed3b2c64908448212ef062aace3e, type: 3}
--- !u!1 &7352963221062821238 stripped
GameObject:
  m_CorrespondingSourceObject: {fileID: 119274, guid: 6c48ed3b2c64908448212ef062aace3e,
    type: 3}
  m_PrefabInstance: {fileID: 7352963221062939804}
  m_PrefabAsset: {fileID: 0}
--- !u!4 &7352963221062475940 stripped
Transform:
  m_CorrespondingSourceObject: {fileID: 463928, guid: 6c48ed3b2c64908448212ef062aace3e,
    type: 3}
  m_PrefabInstance: {fileID: 7352963221062939804}
  m_PrefabAsset: {fileID: 0}
--- !u!1001 &8416762316733997122
PrefabInstance:
  m_ObjectHideFlags: 0
  serializedVersion: 2
  m_Modification:
    m_TransformParent: {fileID: 2500024855192907932}
    m_Modifications:
    - target: {fileID: 164274, guid: 4c55634be023e4d40ba3a85407347daf, type: 3}
      propertyPath: m_Name
      value: SA_Zombie_RoadWorker
      objectReference: {fileID: 0}
    - target: {fileID: 456732, guid: 4c55634be023e4d40ba3a85407347daf, type: 3}
      propertyPath: m_LocalPosition.x
      value: 0
      objectReference: {fileID: 0}
    - target: {fileID: 456732, guid: 4c55634be023e4d40ba3a85407347daf, type: 3}
      propertyPath: m_LocalPosition.y
      value: 0
      objectReference: {fileID: 0}
    - target: {fileID: 456732, guid: 4c55634be023e4d40ba3a85407347daf, type: 3}
      propertyPath: m_LocalPosition.z
      value: 0
      objectReference: {fileID: 0}
    - target: {fileID: 456732, guid: 4c55634be023e4d40ba3a85407347daf, type: 3}
      propertyPath: m_LocalRotation.x
      value: 0
      objectReference: {fileID: 0}
    - target: {fileID: 456732, guid: 4c55634be023e4d40ba3a85407347daf, type: 3}
      propertyPath: m_LocalRotation.y
      value: 0
      objectReference: {fileID: 0}
    - target: {fileID: 456732, guid: 4c55634be023e4d40ba3a85407347daf, type: 3}
      propertyPath: m_LocalRotation.z
      value: 0
      objectReference: {fileID: 0}
    - target: {fileID: 456732, guid: 4c55634be023e4d40ba3a85407347daf, type: 3}
      propertyPath: m_LocalRotation.w
      value: 1
      objectReference: {fileID: 0}
    - target: {fileID: 456732, guid: 4c55634be023e4d40ba3a85407347daf, type: 3}
      propertyPath: m_RootOrder
      value: 2
      objectReference: {fileID: 0}
    - target: {fileID: 456732, guid: 4c55634be023e4d40ba3a85407347daf, type: 3}
      propertyPath: m_LocalEulerAnglesHint.x
      value: 0
      objectReference: {fileID: 0}
    - target: {fileID: 456732, guid: 4c55634be023e4d40ba3a85407347daf, type: 3}
      propertyPath: m_LocalEulerAnglesHint.y
      value: 0
      objectReference: {fileID: 0}
    - target: {fileID: 456732, guid: 4c55634be023e4d40ba3a85407347daf, type: 3}
      propertyPath: m_LocalEulerAnglesHint.z
      value: 0
      objectReference: {fileID: 0}
    m_RemovedComponents: []
  m_SourcePrefab: {fileID: 100100000, guid: 4c55634be023e4d40ba3a85407347daf, type: 3}
--- !u!1 &8416762316733833712 stripped
GameObject:
  m_CorrespondingSourceObject: {fileID: 164274, guid: 4c55634be023e4d40ba3a85407347daf,
    type: 3}
  m_PrefabInstance: {fileID: 8416762316733997122}
  m_PrefabAsset: {fileID: 0}
--- !u!4 &8416762316734077022 stripped
Transform:
  m_CorrespondingSourceObject: {fileID: 456732, guid: 4c55634be023e4d40ba3a85407347daf,
    type: 3}
  m_PrefabInstance: {fileID: 8416762316733997122}
  m_PrefabAsset: {fileID: 0}
--- !u!1001 &8535831553183492498
PrefabInstance:
  m_ObjectHideFlags: 0
  serializedVersion: 2
  m_Modification:
    m_TransformParent: {fileID: 2500024855192907932}
    m_Modifications:
    - target: {fileID: 147980, guid: 33fe945564a51f64f8d6ea8f0c2e8be9, type: 3}
      propertyPath: m_Name
      value: SA_Zombie_Soldier
      objectReference: {fileID: 0}
    - target: {fileID: 439394, guid: 33fe945564a51f64f8d6ea8f0c2e8be9, type: 3}
      propertyPath: m_LocalPosition.x
      value: 0
      objectReference: {fileID: 0}
    - target: {fileID: 439394, guid: 33fe945564a51f64f8d6ea8f0c2e8be9, type: 3}
      propertyPath: m_LocalPosition.y
      value: 0
      objectReference: {fileID: 0}
    - target: {fileID: 439394, guid: 33fe945564a51f64f8d6ea8f0c2e8be9, type: 3}
      propertyPath: m_LocalPosition.z
      value: 0
      objectReference: {fileID: 0}
    - target: {fileID: 439394, guid: 33fe945564a51f64f8d6ea8f0c2e8be9, type: 3}
      propertyPath: m_LocalRotation.x
      value: 0
      objectReference: {fileID: 0}
    - target: {fileID: 439394, guid: 33fe945564a51f64f8d6ea8f0c2e8be9, type: 3}
      propertyPath: m_LocalRotation.y
      value: 0
      objectReference: {fileID: 0}
    - target: {fileID: 439394, guid: 33fe945564a51f64f8d6ea8f0c2e8be9, type: 3}
      propertyPath: m_LocalRotation.z
      value: 0
      objectReference: {fileID: 0}
    - target: {fileID: 439394, guid: 33fe945564a51f64f8d6ea8f0c2e8be9, type: 3}
      propertyPath: m_LocalRotation.w
      value: 1
      objectReference: {fileID: 0}
    - target: {fileID: 439394, guid: 33fe945564a51f64f8d6ea8f0c2e8be9, type: 3}
      propertyPath: m_RootOrder
      value: 1
      objectReference: {fileID: 0}
    - target: {fileID: 439394, guid: 33fe945564a51f64f8d6ea8f0c2e8be9, type: 3}
      propertyPath: m_LocalEulerAnglesHint.x
      value: 0
      objectReference: {fileID: 0}
    - target: {fileID: 439394, guid: 33fe945564a51f64f8d6ea8f0c2e8be9, type: 3}
      propertyPath: m_LocalEulerAnglesHint.y
      value: 0
      objectReference: {fileID: 0}
    - target: {fileID: 439394, guid: 33fe945564a51f64f8d6ea8f0c2e8be9, type: 3}
      propertyPath: m_LocalEulerAnglesHint.z
      value: 0
      objectReference: {fileID: 0}
    m_RemovedComponents: []
  m_SourcePrefab: {fileID: 100100000, guid: 33fe945564a51f64f8d6ea8f0c2e8be9, type: 3}
--- !u!1 &8535831553183378334 stripped
GameObject:
  m_CorrespondingSourceObject: {fileID: 147980, guid: 33fe945564a51f64f8d6ea8f0c2e8be9,
    type: 3}
  m_PrefabInstance: {fileID: 8535831553183492498}
  m_PrefabAsset: {fileID: 0}
--- !u!4 &8535831553183587824 stripped
Transform:
  m_CorrespondingSourceObject: {fileID: 439394, guid: 33fe945564a51f64f8d6ea8f0c2e8be9,
    type: 3}
  m_PrefabInstance: {fileID: 8535831553183492498}
  m_PrefabAsset: {fileID: 0}
