%YAML 1.1
%TAG !u! tag:unity3d.com,2011:
--- !u!208 &2923454845361060116
NavMeshObstacle:
  m_ObjectHideFlags: 0
  m_CorrespondingSourceObject: {fileID: 0}
  m_PrefabInstance: {fileID: 0}
  m_PrefabAsset: {fileID: 0}
  m_GameObject: {fileID: 733201542903518149}
  m_Enabled: 1
  serializedVersion: 3
  m_Shape: 1
  m_Extents: {x: 1.391, y: 1.2030001, z: 2.9410002}
  m_MoveThreshold: 0.1
  m_Carve: 1
  m_CarveOnlyStationary: 1
  m_Center: {x: 0, y: 1.2030001, z: 0}
  m_TimeToStationary: 0.5
--- !u!208 &5779637502944728722
NavMeshObstacle:
  m_ObjectHideFlags: 0
  m_CorrespondingSourceObject: {fileID: 0}
  m_PrefabInstance: {fileID: 0}
  m_PrefabAsset: {fileID: 0}
  m_GameObject: {fileID: 1639025176192081229}
  m_Enabled: 1
  serializedVersion: 3
  m_Shape: 1
  m_Extents: {x: 4.431, y: 3.6440003, z: 7.385}
  m_MoveThreshold: 0.1
  m_Carve: 1
  m_CarveOnlyStationary: 1
  m_Center: {x: 0, y: 3.5130002, z: 0}
  m_TimeToStationary: 0.5
--- !u!208 &8050601719494296614
NavMeshObstacle:
  m_ObjectHideFlags: 0
  m_CorrespondingSourceObject: {fileID: 0}
  m_PrefabInstance: {fileID: 0}
  m_PrefabAsset: {fileID: 0}
  m_GameObject: {fileID: 2036830816342147410}
  m_Enabled: 1
  serializedVersion: 3
  m_Shape: 1
  m_Extents: {x: 2.887, y: 0.55600005, z: 2.989}
  m_MoveThreshold: 0.1
  m_Carve: 1
  m_CarveOnlyStationary: 1
  m_Center: {x: 0, y: 0.317, z: 0}
  m_TimeToStationary: 0.5
--- !u!1 &3428756791347450233
GameObject:
  m_ObjectHideFlags: 0
  m_CorrespondingSourceObject: {fileID: 0}
  m_PrefabInstance: {fileID: 0}
  m_PrefabAsset: {fileID: 0}
  serializedVersion: 6
  m_Component:
  - component: {fileID: 7836292369817643305}
  - component: {fileID: 6315563029571715657}
  m_Layer: 0
  m_Name: Point Light
  m_TagString: Untagged
  m_Icon: {fileID: 0}
  m_NavMeshLayer: 0
  m_StaticEditorFlags: 0
  m_IsActive: 1
--- !u!4 &7836292369817643305
Transform:
  m_ObjectHideFlags: 0
  m_CorrespondingSourceObject: {fileID: 0}
  m_PrefabInstance: {fileID: 0}
  m_PrefabAsset: {fileID: 0}
  m_GameObject: {fileID: 3428756791347450233}
  m_LocalRotation: {x: -0, y: 0.35875273, z: -0, w: 0.9334327}
  m_LocalPosition: {x: 5.6, y: 3.62, z: -5.2}
  m_LocalScale: {x: 1, y: 1, z: 1}
  m_Children: []
  m_Father: {fileID: 4363322754546841457}
  m_RootOrder: 1
  m_LocalEulerAnglesHint: {x: 0, y: 42.047, z: 0}
--- !u!108 &6315563029571715657
Light:
  m_ObjectHideFlags: 0
  m_CorrespondingSourceObject: {fileID: 0}
  m_PrefabInstance: {fileID: 0}
  m_PrefabAsset: {fileID: 0}
  m_GameObject: {fileID: 3428756791347450233}
  m_Enabled: 1
  serializedVersion: 10
  m_Type: 2
  m_Shape: 0
  m_Color: {r: 1, g: 0.9721903, b: 0.7971698, a: 1}
  m_Intensity: 1
  m_Range: 50
  m_SpotAngle: 30
  m_InnerSpotAngle: 21.80208
  m_CookieSize: 10
  m_Shadows:
    m_Type: 2
    m_Resolution: -1
    m_CustomResolution: -1
    m_Strength: 1
    m_Bias: 0.05
    m_NormalBias: 0.4
    m_NearPlane: 0.2
    m_CullingMatrixOverride:
      e00: 1
      e01: 0
      e02: 0
      e03: 0
      e10: 0
      e11: 1
      e12: 0
      e13: 0
      e20: 0
      e21: 0
      e22: 1
      e23: 0
      e30: 0
      e31: 0
      e32: 0
      e33: 1
    m_UseCullingMatrixOverride: 0
  m_Cookie: {fileID: 0}
  m_DrawHalo: 0
  m_Flare: {fileID: 0}
  m_RenderMode: 0
  m_CullingMask:
    serializedVersion: 2
    m_Bits: 4294967295
  m_RenderingLayerMask: 1
  m_Lightmapping: 4
  m_LightShadowCasterMode: 0
  m_AreaSize: {x: 1, y: 1}
  m_BounceIntensity: 0
  m_ColorTemperature: 6570
  m_UseColorTemperature: 0
  m_BoundingSphereOverride: {x: 0, y: 0, z: 0, w: 0}
  m_UseBoundingSphereOverride: 0
  m_ShadowRadius: 0
  m_ShadowAngle: 0
--- !u!1 &3592144602342735555
GameObject:
  m_ObjectHideFlags: 0
  m_CorrespondingSourceObject: {fileID: 0}
  m_PrefabInstance: {fileID: 0}
  m_PrefabAsset: {fileID: 0}
  serializedVersion: 6
  m_Component:
  - component: {fileID: 3941325037954355391}
  m_Layer: 0
  m_Name: Models
  m_TagString: Untagged
  m_Icon: {fileID: 0}
  m_NavMeshLayer: 0
  m_StaticEditorFlags: 4294967295
  m_IsActive: 1
--- !u!4 &3941325037954355391
Transform:
  m_ObjectHideFlags: 0
  m_CorrespondingSourceObject: {fileID: 0}
  m_PrefabInstance: {fileID: 0}
  m_PrefabAsset: {fileID: 0}
  m_GameObject: {fileID: 3592144602342735555}
  m_LocalRotation: {x: 0, y: 0, z: 0, w: 1}
  m_LocalPosition: {x: 0, y: 0, z: 0}
  m_LocalScale: {x: 1, y: 1, z: 1}
  m_Children: []
  m_Father: {fileID: 4363322754546841457}
  m_RootOrder: 0
  m_LocalEulerAnglesHint: {x: 0, y: 0, z: 0}
--- !u!208 &7844356674261437565
NavMeshObstacle:
  m_ObjectHideFlags: 0
  m_CorrespondingSourceObject: {fileID: 0}
  m_PrefabInstance: {fileID: 0}
  m_PrefabAsset: {fileID: 0}
  m_GameObject: {fileID: 4210473462393381554}
  m_Enabled: 1
  serializedVersion: 3
  m_Shape: 1
  m_Extents: {x: 0.665, y: 1.182, z: 0.84800005}
  m_MoveThreshold: 0.1
  m_Carve: 1
  m_CarveOnlyStationary: 1
  m_Center: {x: 0.012, y: 1.169, z: 0.008}
  m_TimeToStationary: 0.5
--- !u!1 &5068633529827219859
GameObject:
  m_ObjectHideFlags: 0
  m_CorrespondingSourceObject: {fileID: 0}
  m_PrefabInstance: {fileID: 0}
  m_PrefabAsset: {fileID: 0}
  serializedVersion: 6
  m_Component:
  - component: {fileID: 4363322754546841457}
  - component: {fileID: 3923112134383454273}
  m_Layer: 0
  m_Name: Outpost1
  m_TagString: Untagged
  m_Icon: {fileID: 0}
  m_NavMeshLayer: 0
  m_StaticEditorFlags: 0
  m_IsActive: 1
--- !u!4 &4363322754546841457
Transform:
  m_ObjectHideFlags: 0
  m_CorrespondingSourceObject: {fileID: 0}
  m_PrefabInstance: {fileID: 0}
  m_PrefabAsset: {fileID: 0}
  m_GameObject: {fileID: 5068633529827219859}
  m_LocalRotation: {x: 0, y: 0.7071068, z: 0, w: 0.7071068}
  m_LocalPosition: {x: 320, y: 0, z: -9.1859e-11}
  m_LocalScale: {x: 1, y: 1, z: 1}
  m_Children:
  - {fileID: 3941325037954355391}
  - {fileID: 7836292369817643305}
  - {fileID: 2737291569581766888}
  - {fileID: 7706141606322582115}
  - {fileID: 1639025176192234361}
  - {fileID: 5254799323191828370}
  - {fileID: 8264242792691972153}
  - {fileID: 733201542903773115}
  - {fileID: 6050360088538630368}
  - {fileID: 2036830816341859488}
  - {fileID: 4210473462393654586}
  - {fileID: 4682167711424374689}
  - {fileID: 7064507460447437584}
  - {fileID: 7569087108163025137}
  - {fileID: 7556319347487398743}
  - {fileID: 1333958483966709337}
  m_Father: {fileID: 0}
  m_RootOrder: 0
  m_LocalEulerAnglesHint: {x: 0, y: 90, z: 0}
--- !u!114 &3923112134383454273
MonoBehaviour:
  m_ObjectHideFlags: 0
  m_CorrespondingSourceObject: {fileID: 0}
  m_PrefabInstance: {fileID: 0}
  m_PrefabAsset: {fileID: 0}
  m_GameObject: {fileID: 5068633529827219859}
  m_Enabled: 1
  m_EditorHideFlags: 0
  m_Script: {fileID: 11500000, guid: 9528197677e5a2b4ea9bd865600904cf, type: 3}
  m_Name: 
  m_EditorClassIdentifier: 
  connectedIn: 0
  connectedOut: 0
  placed: 0
  positionalId: {x: 0, y: -1}
  minSafepointDistance: 5
  isFirstSafepoint: 0
  isLastSafepoint: 0
  index: 0
  cellsUsed: 1
  outPath: []
  color: {r: 0, g: 0, b: 0, a: 0}
  offset: 0
  reflectionProbe: {fileID: 2120154106766586761}
--- !u!208 &2220182825590993206
NavMeshObstacle:
  m_ObjectHideFlags: 0
  m_CorrespondingSourceObject: {fileID: 0}
  m_PrefabInstance: {fileID: 0}
  m_PrefabAsset: {fileID: 0}
  m_GameObject: {fileID: 5254799323191466234}
  m_Enabled: 1
  serializedVersion: 3
  m_Shape: 1
  m_Extents: {x: 1.6710001, y: 0.34600002, z: 1.0250001}
  m_MoveThreshold: 0.1
  m_Carve: 1
  m_CarveOnlyStationary: 1
  m_Center: {x: 0, y: 0.263, z: 0}
  m_TimeToStationary: 0.5
--- !u!208 &5557694474958134359
NavMeshObstacle:
  m_ObjectHideFlags: 0
  m_CorrespondingSourceObject: {fileID: 0}
  m_PrefabInstance: {fileID: 0}
  m_PrefabAsset: {fileID: 0}
  m_GameObject: {fileID: 6050360088538779940}
  m_Enabled: 1
  serializedVersion: 3
  m_Shape: 1
  m_Extents: {x: 1.6470001, y: 0.984, z: 2.95}
  m_MoveThreshold: 0.1
  m_Carve: 1
  m_CarveOnlyStationary: 1
  m_Center: {x: 0, y: 0.91300005, z: 0}
  m_TimeToStationary: 0.5
--- !u!208 &1563798249073263715
NavMeshObstacle:
  m_ObjectHideFlags: 0
  m_CorrespondingSourceObject: {fileID: 0}
  m_PrefabInstance: {fileID: 0}
  m_PrefabAsset: {fileID: 0}
  m_GameObject: {fileID: 7064507460447684530}
  m_Enabled: 1
  serializedVersion: 3
  m_Shape: 1
  m_Extents: {x: 0.5, y: 1, z: 0.5}
  m_MoveThreshold: 0.1
  m_Carve: 0
  m_CarveOnlyStationary: 1
  m_Center: {x: 0, y: 1, z: 0}
  m_TimeToStationary: 0.5
--- !u!208 &75183213979505652
NavMeshObstacle:
  m_ObjectHideFlags: 0
  m_CorrespondingSourceObject: {fileID: 0}
  m_PrefabInstance: {fileID: 0}
  m_PrefabAsset: {fileID: 0}
  m_GameObject: {fileID: 7556319347487014975}
  m_Enabled: 1
  serializedVersion: 3
  m_Shape: 1
  m_Extents: {x: 4.736, y: 0.57500005, z: 3.9960003}
  m_MoveThreshold: 0.1
  m_Carve: 1
  m_CarveOnlyStationary: 1
  m_Center: {x: 0, y: 0.25500003, z: 0}
  m_TimeToStationary: 0.5
--- !u!208 &7435327412777917650
NavMeshObstacle:
  m_ObjectHideFlags: 0
  m_CorrespondingSourceObject: {fileID: 0}
  m_PrefabInstance: {fileID: 0}
  m_PrefabAsset: {fileID: 0}
  m_GameObject: {fileID: 8264242792691718065}
  m_Enabled: 1
  serializedVersion: 3
  m_Shape: 1
  m_Extents: {x: 0.665, y: 1.182, z: 0.84800005}
  m_MoveThreshold: 0.1
  m_Carve: 1
  m_CarveOnlyStationary: 1
  m_Center: {x: 0.012, y: 1.169, z: 0.008}
  m_TimeToStationary: 0.5
--- !u!1001 &74243014185734388
PrefabInstance:
  m_ObjectHideFlags: 0
  serializedVersion: 2
  m_Modification:
    m_TransformParent: {fileID: 4210473462393654586}
    m_Modifications:
    - target: {fileID: 100000, guid: ab1112643ee572748b01dede71158272, type: 3}
      propertyPath: m_Name
      value: FX_Smoke
      objectReference: {fileID: 0}
    - target: {fileID: 400000, guid: ab1112643ee572748b01dede71158272, type: 3}
      propertyPath: m_LocalPosition.x
      value: 0.0064092167
      objectReference: {fileID: 0}
    - target: {fileID: 400000, guid: ab1112643ee572748b01dede71158272, type: 3}
      propertyPath: m_LocalPosition.y
      value: 1.2169322
      objectReference: {fileID: 0}
    - target: {fileID: 400000, guid: ab1112643ee572748b01dede71158272, type: 3}
      propertyPath: m_LocalPosition.z
      value: -0.1973037
      objectReference: {fileID: 0}
    - target: {fileID: 400000, guid: ab1112643ee572748b01dede71158272, type: 3}
      propertyPath: m_LocalRotation.x
      value: 0.08254897
      objectReference: {fileID: 0}
    - target: {fileID: 400000, guid: ab1112643ee572748b01dede71158272, type: 3}
      propertyPath: m_LocalRotation.y
      value: -0.2051959
      objectReference: {fileID: 0}
    - target: {fileID: 400000, guid: ab1112643ee572748b01dede71158272, type: 3}
      propertyPath: m_LocalRotation.z
      value: -0.017371645
      objectReference: {fileID: 0}
    - target: {fileID: 400000, guid: ab1112643ee572748b01dede71158272, type: 3}
      propertyPath: m_LocalRotation.w
      value: 0.9750787
      objectReference: {fileID: 0}
    - target: {fileID: 400000, guid: ab1112643ee572748b01dede71158272, type: 3}
      propertyPath: m_RootOrder
      value: 0
      objectReference: {fileID: 0}
    - target: {fileID: 400000, guid: ab1112643ee572748b01dede71158272, type: 3}
      propertyPath: m_LocalEulerAnglesHint.x
      value: 8.85
      objectReference: {fileID: 0}
    - target: {fileID: 400000, guid: ab1112643ee572748b01dede71158272, type: 3}
      propertyPath: m_LocalEulerAnglesHint.y
      value: -24.072
      objectReference: {fileID: 0}
    - target: {fileID: 400000, guid: ab1112643ee572748b01dede71158272, type: 3}
      propertyPath: m_LocalEulerAnglesHint.z
      value: -3.9320002
      objectReference: {fileID: 0}
    - target: {fileID: 19800000, guid: ab1112643ee572748b01dede71158272, type: 3}
      propertyPath: lengthInSec
      value: 1
      objectReference: {fileID: 0}
    - target: {fileID: 19800000, guid: ab1112643ee572748b01dede71158272, type: 3}
      propertyPath: InitialModule.startLifetime.scalar
      value: 3
      objectReference: {fileID: 0}
    - target: {fileID: 19800000, guid: ab1112643ee572748b01dede71158272, type: 3}
      propertyPath: InitialModule.startSpeed.scalar
      value: 0.03
      objectReference: {fileID: 0}
    - target: {fileID: 19800000, guid: ab1112643ee572748b01dede71158272, type: 3}
      propertyPath: InitialModule.startSize.scalar
      value: 0.5
      objectReference: {fileID: 0}
    m_RemovedComponents: []
  m_SourcePrefab: {fileID: 100100000, guid: ab1112643ee572748b01dede71158272, type: 3}
--- !u!1001 &236825622530751170
PrefabInstance:
  m_ObjectHideFlags: 0
  serializedVersion: 2
  m_Modification:
    m_TransformParent: {fileID: 8264242792691972153}
    m_Modifications:
    - target: {fileID: 100000, guid: ab1112643ee572748b01dede71158272, type: 3}
      propertyPath: m_Name
      value: FX_Smoke
      objectReference: {fileID: 0}
    - target: {fileID: 400000, guid: ab1112643ee572748b01dede71158272, type: 3}
      propertyPath: m_LocalPosition.x
      value: 0.0064086914
      objectReference: {fileID: 0}
    - target: {fileID: 400000, guid: ab1112643ee572748b01dede71158272, type: 3}
      propertyPath: m_LocalPosition.y
      value: 1.2169322
      objectReference: {fileID: 0}
    - target: {fileID: 400000, guid: ab1112643ee572748b01dede71158272, type: 3}
      propertyPath: m_LocalPosition.z
      value: -0.19730091
      objectReference: {fileID: 0}
    - target: {fileID: 400000, guid: ab1112643ee572748b01dede71158272, type: 3}
      propertyPath: m_LocalRotation.x
      value: -0
      objectReference: {fileID: 0}
    - target: {fileID: 400000, guid: ab1112643ee572748b01dede71158272, type: 3}
      propertyPath: m_LocalRotation.y
      value: -0
      objectReference: {fileID: 0}
    - target: {fileID: 400000, guid: ab1112643ee572748b01dede71158272, type: 3}
      propertyPath: m_LocalRotation.z
      value: -0
      objectReference: {fileID: 0}
    - target: {fileID: 400000, guid: ab1112643ee572748b01dede71158272, type: 3}
      propertyPath: m_LocalRotation.w
      value: 1
      objectReference: {fileID: 0}
    - target: {fileID: 400000, guid: ab1112643ee572748b01dede71158272, type: 3}
      propertyPath: m_RootOrder
      value: 0
      objectReference: {fileID: 0}
    - target: {fileID: 400000, guid: ab1112643ee572748b01dede71158272, type: 3}
      propertyPath: m_LocalEulerAnglesHint.x
      value: 0
      objectReference: {fileID: 0}
    - target: {fileID: 400000, guid: ab1112643ee572748b01dede71158272, type: 3}
      propertyPath: m_LocalEulerAnglesHint.y
      value: 0
      objectReference: {fileID: 0}
    - target: {fileID: 400000, guid: ab1112643ee572748b01dede71158272, type: 3}
      propertyPath: m_LocalEulerAnglesHint.z
      value: 0
      objectReference: {fileID: 0}
    - target: {fileID: 19800000, guid: ab1112643ee572748b01dede71158272, type: 3}
      propertyPath: lengthInSec
      value: 1
      objectReference: {fileID: 0}
    - target: {fileID: 19800000, guid: ab1112643ee572748b01dede71158272, type: 3}
      propertyPath: InitialModule.startLifetime.scalar
      value: 3
      objectReference: {fileID: 0}
    - target: {fileID: 19800000, guid: ab1112643ee572748b01dede71158272, type: 3}
      propertyPath: InitialModule.startSpeed.scalar
      value: 0.03
      objectReference: {fileID: 0}
    - target: {fileID: 19800000, guid: ab1112643ee572748b01dede71158272, type: 3}
      propertyPath: InitialModule.startSize.scalar
      value: 0.5
      objectReference: {fileID: 0}
    m_RemovedComponents: []
  m_SourcePrefab: {fileID: 100100000, guid: ab1112643ee572748b01dede71158272, type: 3}
--- !u!1001 &733201542903651505
PrefabInstance:
  m_ObjectHideFlags: 0
  serializedVersion: 2
  m_Modification:
    m_TransformParent: {fileID: 4363322754546841457}
    m_Modifications:
    - target: {fileID: 135028, guid: e905cde3ed235a140aed2225fc9b8412, type: 3}
      propertyPath: m_Name
      value: SA_Prop_BurntBlack_Car_01
      objectReference: {fileID: 0}
    - target: {fileID: 420618, guid: e905cde3ed235a140aed2225fc9b8412, type: 3}
      propertyPath: m_LocalPosition.x
      value: -3.74
      objectReference: {fileID: 0}
    - target: {fileID: 420618, guid: e905cde3ed235a140aed2225fc9b8412, type: 3}
      propertyPath: m_LocalPosition.y
      value: 0
      objectReference: {fileID: 0}
    - target: {fileID: 420618, guid: e905cde3ed235a140aed2225fc9b8412, type: 3}
      propertyPath: m_LocalPosition.z
      value: 0.75
      objectReference: {fileID: 0}
    - target: {fileID: 420618, guid: e905cde3ed235a140aed2225fc9b8412, type: 3}
      propertyPath: m_LocalRotation.x
      value: -0
      objectReference: {fileID: 0}
    - target: {fileID: 420618, guid: e905cde3ed235a140aed2225fc9b8412, type: 3}
      propertyPath: m_LocalRotation.y
      value: 0.37477
      objectReference: {fileID: 0}
    - target: {fileID: 420618, guid: e905cde3ed235a140aed2225fc9b8412, type: 3}
      propertyPath: m_LocalRotation.z
      value: -0
      objectReference: {fileID: 0}
    - target: {fileID: 420618, guid: e905cde3ed235a140aed2225fc9b8412, type: 3}
      propertyPath: m_LocalRotation.w
      value: 0.9271179
      objectReference: {fileID: 0}
    - target: {fileID: 420618, guid: e905cde3ed235a140aed2225fc9b8412, type: 3}
      propertyPath: m_RootOrder
      value: 7
      objectReference: {fileID: 0}
    - target: {fileID: 420618, guid: e905cde3ed235a140aed2225fc9b8412, type: 3}
      propertyPath: m_LocalEulerAnglesHint.x
      value: 0
      objectReference: {fileID: 0}
    - target: {fileID: 420618, guid: e905cde3ed235a140aed2225fc9b8412, type: 3}
      propertyPath: m_LocalEulerAnglesHint.y
      value: 44.02
      objectReference: {fileID: 0}
    - target: {fileID: 420618, guid: e905cde3ed235a140aed2225fc9b8412, type: 3}
      propertyPath: m_LocalEulerAnglesHint.z
      value: 0
      objectReference: {fileID: 0}
    m_RemovedComponents: []
  m_SourcePrefab: {fileID: 100100000, guid: e905cde3ed235a140aed2225fc9b8412, type: 3}
--- !u!1 &733201542903518149 stripped
GameObject:
  m_CorrespondingSourceObject: {fileID: 135028, guid: e905cde3ed235a140aed2225fc9b8412,
    type: 3}
  m_PrefabInstance: {fileID: 733201542903651505}
  m_PrefabAsset: {fileID: 0}
--- !u!4 &733201542903773115 stripped
Transform:
  m_CorrespondingSourceObject: {fileID: 420618, guid: e905cde3ed235a140aed2225fc9b8412,
    type: 3}
  m_PrefabInstance: {fileID: 733201542903651505}
  m_PrefabAsset: {fileID: 0}
--- !u!1001 &1333958483966635459
PrefabInstance:
  m_ObjectHideFlags: 0
  serializedVersion: 2
  m_Modification:
    m_TransformParent: {fileID: 4363322754546841457}
    m_Modifications:
    - target: {fileID: 170296, guid: fe129600411f26242b80e5e2e7ec06ef, type: 3}
      propertyPath: m_Name
      value: AI_Env_GroundDirt_04
      objectReference: {fileID: 0}
    - target: {fileID: 484250, guid: fe129600411f26242b80e5e2e7ec06ef, type: 3}
      propertyPath: m_LocalPosition.x
      value: -10.89
      objectReference: {fileID: 0}
    - target: {fileID: 484250, guid: fe129600411f26242b80e5e2e7ec06ef, type: 3}
      propertyPath: m_LocalPosition.y
      value: 0
      objectReference: {fileID: 0}
    - target: {fileID: 484250, guid: fe129600411f26242b80e5e2e7ec06ef, type: 3}
      propertyPath: m_LocalPosition.z
      value: -6.54
      objectReference: {fileID: 0}
    - target: {fileID: 484250, guid: fe129600411f26242b80e5e2e7ec06ef, type: 3}
      propertyPath: m_LocalRotation.x
      value: -0
      objectReference: {fileID: 0}
    - target: {fileID: 484250, guid: fe129600411f26242b80e5e2e7ec06ef, type: 3}
      propertyPath: m_LocalRotation.y
      value: 0.43079188
      objectReference: {fileID: 0}
    - target: {fileID: 484250, guid: fe129600411f26242b80e5e2e7ec06ef, type: 3}
      propertyPath: m_LocalRotation.z
      value: -0
      objectReference: {fileID: 0}
    - target: {fileID: 484250, guid: fe129600411f26242b80e5e2e7ec06ef, type: 3}
      propertyPath: m_LocalRotation.w
      value: 0.90245134
      objectReference: {fileID: 0}
    - target: {fileID: 484250, guid: fe129600411f26242b80e5e2e7ec06ef, type: 3}
      propertyPath: m_RootOrder
      value: 15
      objectReference: {fileID: 0}
    - target: {fileID: 484250, guid: fe129600411f26242b80e5e2e7ec06ef, type: 3}
      propertyPath: m_LocalEulerAnglesHint.x
      value: 0
      objectReference: {fileID: 0}
    - target: {fileID: 484250, guid: fe129600411f26242b80e5e2e7ec06ef, type: 3}
      propertyPath: m_LocalEulerAnglesHint.y
      value: 51.036003
      objectReference: {fileID: 0}
    - target: {fileID: 484250, guid: fe129600411f26242b80e5e2e7ec06ef, type: 3}
      propertyPath: m_LocalEulerAnglesHint.z
      value: 0
      objectReference: {fileID: 0}
    m_RemovedComponents: []
  m_SourcePrefab: {fileID: 100100000, guid: fe129600411f26242b80e5e2e7ec06ef, type: 3}
--- !u!4 &1333958483966709337 stripped
Transform:
  m_CorrespondingSourceObject: {fileID: 484250, guid: fe129600411f26242b80e5e2e7ec06ef,
    type: 3}
  m_PrefabInstance: {fileID: 1333958483966635459}
  m_PrefabAsset: {fileID: 0}
--- !u!1001 &1515594570038767726
PrefabInstance:
  m_ObjectHideFlags: 0
  serializedVersion: 2
  m_Modification:
    m_TransformParent: {fileID: 4363322754546841457}
    m_Modifications:
    - target: {fileID: 3527630316891818118, guid: b0de05efff3d4c843885f9d12f00dc42,
        type: 3}
      propertyPath: m_LocalPosition.x
      value: 0
      objectReference: {fileID: 0}
    - target: {fileID: 3527630316891818118, guid: b0de05efff3d4c843885f9d12f00dc42,
        type: 3}
      propertyPath: m_LocalPosition.y
      value: -0.5
      objectReference: {fileID: 0}
    - target: {fileID: 3527630316891818118, guid: b0de05efff3d4c843885f9d12f00dc42,
        type: 3}
      propertyPath: m_LocalPosition.z
      value: 0
      objectReference: {fileID: 0}
    - target: {fileID: 3527630316891818118, guid: b0de05efff3d4c843885f9d12f00dc42,
        type: 3}
      propertyPath: m_LocalRotation.x
      value: 0
      objectReference: {fileID: 0}
    - target: {fileID: 3527630316891818118, guid: b0de05efff3d4c843885f9d12f00dc42,
        type: 3}
      propertyPath: m_LocalRotation.y
      value: 0
      objectReference: {fileID: 0}
    - target: {fileID: 3527630316891818118, guid: b0de05efff3d4c843885f9d12f00dc42,
        type: 3}
      propertyPath: m_LocalRotation.z
      value: 0
      objectReference: {fileID: 0}
    - target: {fileID: 3527630316891818118, guid: b0de05efff3d4c843885f9d12f00dc42,
        type: 3}
      propertyPath: m_LocalRotation.w
      value: 1
      objectReference: {fileID: 0}
    - target: {fileID: 3527630316891818118, guid: b0de05efff3d4c843885f9d12f00dc42,
        type: 3}
      propertyPath: m_RootOrder
      value: 2
      objectReference: {fileID: 0}
    - target: {fileID: 3527630316891818118, guid: b0de05efff3d4c843885f9d12f00dc42,
        type: 3}
      propertyPath: m_LocalEulerAnglesHint.x
      value: 0
      objectReference: {fileID: 0}
    - target: {fileID: 3527630316891818118, guid: b0de05efff3d4c843885f9d12f00dc42,
        type: 3}
      propertyPath: m_LocalEulerAnglesHint.y
      value: 0
      objectReference: {fileID: 0}
    - target: {fileID: 3527630316891818118, guid: b0de05efff3d4c843885f9d12f00dc42,
        type: 3}
      propertyPath: m_LocalEulerAnglesHint.z
      value: 0
      objectReference: {fileID: 0}
    - target: {fileID: 8365650415425988891, guid: b0de05efff3d4c843885f9d12f00dc42,
        type: 3}
      propertyPath: m_Name
      value: AreaCheck
      objectReference: {fileID: 0}
    - target: {fileID: 8365650415425988891, guid: b0de05efff3d4c843885f9d12f00dc42,
        type: 3}
      propertyPath: m_IsActive
      value: 0
      objectReference: {fileID: 0}
    m_RemovedComponents: []
  m_SourcePrefab: {fileID: 100100000, guid: b0de05efff3d4c843885f9d12f00dc42, type: 3}
--- !u!4 &2737291569581766888 stripped
Transform:
  m_CorrespondingSourceObject: {fileID: 3527630316891818118, guid: b0de05efff3d4c843885f9d12f00dc42,
    type: 3}
  m_PrefabInstance: {fileID: 1515594570038767726}
  m_PrefabAsset: {fileID: 0}
--- !u!1001 &1639025176192201291
PrefabInstance:
  m_ObjectHideFlags: 0
  serializedVersion: 2
  m_Modification:
    m_TransformParent: {fileID: 4363322754546841457}
    m_Modifications:
    - target: {fileID: 159494, guid: ac3a07ad73f439048960fc87b6e6ec31, type: 3}
      propertyPath: m_Name
      value: SA_Bld_Trailer_Damaged_03
      objectReference: {fileID: 0}
    - target: {fileID: 491826, guid: ac3a07ad73f439048960fc87b6e6ec31, type: 3}
      propertyPath: m_LocalPosition.x
      value: 6.09
      objectReference: {fileID: 0}
    - target: {fileID: 491826, guid: ac3a07ad73f439048960fc87b6e6ec31, type: 3}
      propertyPath: m_LocalPosition.y
      value: 0.1312139
      objectReference: {fileID: 0}
    - target: {fileID: 491826, guid: ac3a07ad73f439048960fc87b6e6ec31, type: 3}
      propertyPath: m_LocalPosition.z
      value: -4.14
      objectReference: {fileID: 0}
    - target: {fileID: 491826, guid: ac3a07ad73f439048960fc87b6e6ec31, type: 3}
      propertyPath: m_LocalRotation.x
      value: -0
      objectReference: {fileID: 0}
    - target: {fileID: 491826, guid: ac3a07ad73f439048960fc87b6e6ec31, type: 3}
      propertyPath: m_LocalRotation.y
      value: 0.29207188
      objectReference: {fileID: 0}
    - target: {fileID: 491826, guid: ac3a07ad73f439048960fc87b6e6ec31, type: 3}
      propertyPath: m_LocalRotation.z
      value: -0
      objectReference: {fileID: 0}
    - target: {fileID: 491826, guid: ac3a07ad73f439048960fc87b6e6ec31, type: 3}
      propertyPath: m_LocalRotation.w
      value: 0.95639634
      objectReference: {fileID: 0}
    - target: {fileID: 491826, guid: ac3a07ad73f439048960fc87b6e6ec31, type: 3}
      propertyPath: m_RootOrder
      value: 4
      objectReference: {fileID: 0}
    - target: {fileID: 491826, guid: ac3a07ad73f439048960fc87b6e6ec31, type: 3}
      propertyPath: m_LocalEulerAnglesHint.x
      value: 0
      objectReference: {fileID: 0}
    - target: {fileID: 491826, guid: ac3a07ad73f439048960fc87b6e6ec31, type: 3}
      propertyPath: m_LocalEulerAnglesHint.y
      value: 33.964
      objectReference: {fileID: 0}
    - target: {fileID: 491826, guid: ac3a07ad73f439048960fc87b6e6ec31, type: 3}
      propertyPath: m_LocalEulerAnglesHint.z
      value: 0
      objectReference: {fileID: 0}
    m_RemovedComponents: []
  m_SourcePrefab: {fileID: 100100000, guid: ac3a07ad73f439048960fc87b6e6ec31, type: 3}
--- !u!1 &1639025176192081229 stripped
GameObject:
  m_CorrespondingSourceObject: {fileID: 159494, guid: ac3a07ad73f439048960fc87b6e6ec31,
    type: 3}
  m_PrefabInstance: {fileID: 1639025176192201291}
  m_PrefabAsset: {fileID: 0}
--- !u!4 &1639025176192234361 stripped
Transform:
  m_CorrespondingSourceObject: {fileID: 491826, guid: ac3a07ad73f439048960fc87b6e6ec31,
    type: 3}
  m_PrefabInstance: {fileID: 1639025176192201291}
  m_PrefabAsset: {fileID: 0}
--- !u!1001 &2036830816342258516
PrefabInstance:
  m_ObjectHideFlags: 0
  serializedVersion: 2
  m_Modification:
    m_TransformParent: {fileID: 4363322754546841457}
    m_Modifications:
    - target: {fileID: 176646, guid: 4cd7f93b8e6d2774eb99e9517c1f5f8c, type: 3}
      propertyPath: m_Name
      value: SA_Prop_DirtPile_01
      objectReference: {fileID: 0}
    - target: {fileID: 405492, guid: 4cd7f93b8e6d2774eb99e9517c1f5f8c, type: 3}
      propertyPath: m_LocalPosition.x
      value: 12.068207
      objectReference: {fileID: 0}
    - target: {fileID: 405492, guid: 4cd7f93b8e6d2774eb99e9517c1f5f8c, type: 3}
      propertyPath: m_LocalPosition.y
      value: 0
      objectReference: {fileID: 0}
    - target: {fileID: 405492, guid: 4cd7f93b8e6d2774eb99e9517c1f5f8c, type: 3}
      propertyPath: m_LocalPosition.z
      value: 13.831057
      objectReference: {fileID: 0}
    - target: {fileID: 405492, guid: 4cd7f93b8e6d2774eb99e9517c1f5f8c, type: 3}
      propertyPath: m_LocalRotation.x
      value: -0
      objectReference: {fileID: 0}
    - target: {fileID: 405492, guid: 4cd7f93b8e6d2774eb99e9517c1f5f8c, type: 3}
      propertyPath: m_LocalRotation.y
      value: 0.5662027
      objectReference: {fileID: 0}
    - target: {fileID: 405492, guid: 4cd7f93b8e6d2774eb99e9517c1f5f8c, type: 3}
      propertyPath: m_LocalRotation.z
      value: -0
      objectReference: {fileID: 0}
    - target: {fileID: 405492, guid: 4cd7f93b8e6d2774eb99e9517c1f5f8c, type: 3}
      propertyPath: m_LocalRotation.w
      value: 0.8242661
      objectReference: {fileID: 0}
    - target: {fileID: 405492, guid: 4cd7f93b8e6d2774eb99e9517c1f5f8c, type: 3}
      propertyPath: m_RootOrder
      value: 9
      objectReference: {fileID: 0}
    - target: {fileID: 405492, guid: 4cd7f93b8e6d2774eb99e9517c1f5f8c, type: 3}
      propertyPath: m_LocalEulerAnglesHint.x
      value: 0
      objectReference: {fileID: 0}
    - target: {fileID: 405492, guid: 4cd7f93b8e6d2774eb99e9517c1f5f8c, type: 3}
      propertyPath: m_LocalEulerAnglesHint.y
      value: 68.972
      objectReference: {fileID: 0}
    - target: {fileID: 405492, guid: 4cd7f93b8e6d2774eb99e9517c1f5f8c, type: 3}
      propertyPath: m_LocalEulerAnglesHint.z
      value: 0
      objectReference: {fileID: 0}
    m_RemovedComponents: []
  m_SourcePrefab: {fileID: 100100000, guid: 4cd7f93b8e6d2774eb99e9517c1f5f8c, type: 3}
--- !u!4 &2036830816341859488 stripped
Transform:
  m_CorrespondingSourceObject: {fileID: 405492, guid: 4cd7f93b8e6d2774eb99e9517c1f5f8c,
    type: 3}
  m_PrefabInstance: {fileID: 2036830816342258516}
  m_PrefabAsset: {fileID: 0}
--- !u!1 &2036830816342147410 stripped
GameObject:
  m_CorrespondingSourceObject: {fileID: 176646, guid: 4cd7f93b8e6d2774eb99e9517c1f5f8c,
    type: 3}
  m_PrefabInstance: {fileID: 2036830816342258516}
  m_PrefabAsset: {fileID: 0}
--- !u!1001 &4210473462393273174
PrefabInstance:
  m_ObjectHideFlags: 0
  serializedVersion: 2
  m_Modification:
    m_TransformParent: {fileID: 4363322754546841457}
    m_Modifications:
    - target: {fileID: 154084, guid: b7afa95f349924b41bffe9ab3b500d5c, type: 3}
      propertyPath: m_Name
      value: SA_Prop_BurnBarrel_01 (1)
      objectReference: {fileID: 0}
    - target: {fileID: 407148, guid: b7afa95f349924b41bffe9ab3b500d5c, type: 3}
      propertyPath: m_LocalPosition.x
      value: -9.632629
      objectReference: {fileID: 0}
    - target: {fileID: 407148, guid: b7afa95f349924b41bffe9ab3b500d5c, type: 3}
      propertyPath: m_LocalPosition.y
      value: 0.0130678415
      objectReference: {fileID: 0}
    - target: {fileID: 407148, guid: b7afa95f349924b41bffe9ab3b500d5c, type: 3}
      propertyPath: m_LocalPosition.z
      value: -6.539011
      objectReference: {fileID: 0}
    - target: {fileID: 407148, guid: b7afa95f349924b41bffe9ab3b500d5c, type: 3}
      propertyPath: m_LocalRotation.x
      value: -0
      objectReference: {fileID: 0}
    - target: {fileID: 407148, guid: b7afa95f349924b41bffe9ab3b500d5c, type: 3}
      propertyPath: m_LocalRotation.y
      value: 0.79088336
      objectReference: {fileID: 0}
    - target: {fileID: 407148, guid: b7afa95f349924b41bffe9ab3b500d5c, type: 3}
      propertyPath: m_LocalRotation.z
      value: -0
      objectReference: {fileID: 0}
    - target: {fileID: 407148, guid: b7afa95f349924b41bffe9ab3b500d5c, type: 3}
      propertyPath: m_LocalRotation.w
      value: 0.61196697
      objectReference: {fileID: 0}
    - target: {fileID: 407148, guid: b7afa95f349924b41bffe9ab3b500d5c, type: 3}
      propertyPath: m_RootOrder
      value: 10
      objectReference: {fileID: 0}
    - target: {fileID: 407148, guid: b7afa95f349924b41bffe9ab3b500d5c, type: 3}
      propertyPath: m_LocalEulerAnglesHint.x
      value: 0
      objectReference: {fileID: 0}
    - target: {fileID: 407148, guid: b7afa95f349924b41bffe9ab3b500d5c, type: 3}
      propertyPath: m_LocalEulerAnglesHint.y
      value: 104.536
      objectReference: {fileID: 0}
    - target: {fileID: 407148, guid: b7afa95f349924b41bffe9ab3b500d5c, type: 3}
      propertyPath: m_LocalEulerAnglesHint.z
      value: 0
      objectReference: {fileID: 0}
    m_RemovedComponents: []
  m_SourcePrefab: {fileID: 100100000, guid: b7afa95f349924b41bffe9ab3b500d5c, type: 3}
--- !u!4 &4210473462393654586 stripped
Transform:
  m_CorrespondingSourceObject: {fileID: 407148, guid: b7afa95f349924b41bffe9ab3b500d5c,
    type: 3}
  m_PrefabInstance: {fileID: 4210473462393273174}
  m_PrefabAsset: {fileID: 0}
--- !u!1 &4210473462393381554 stripped
GameObject:
  m_CorrespondingSourceObject: {fileID: 154084, guid: b7afa95f349924b41bffe9ab3b500d5c,
    type: 3}
  m_PrefabInstance: {fileID: 4210473462393273174}
  m_PrefabAsset: {fileID: 0}
--- !u!1001 &4682167711424726079
PrefabInstance:
  m_ObjectHideFlags: 0
  serializedVersion: 2
  m_Modification:
    m_TransformParent: {fileID: 4363322754546841457}
    m_Modifications:
    - target: {fileID: 158902, guid: bd0c560960a4aac4dbdf62db08be8a41, type: 3}
      propertyPath: m_Name
      value: SA_Env_Road_Square_01
      objectReference: {fileID: 0}
    - target: {fileID: 435102, guid: bd0c560960a4aac4dbdf62db08be8a41, type: 3}
      propertyPath: m_LocalPosition.x
      value: -20
      objectReference: {fileID: 0}
    - target: {fileID: 435102, guid: bd0c560960a4aac4dbdf62db08be8a41, type: 3}
      propertyPath: m_LocalPosition.y
      value: 0
      objectReference: {fileID: 0}
    - target: {fileID: 435102, guid: bd0c560960a4aac4dbdf62db08be8a41, type: 3}
      propertyPath: m_LocalPosition.z
      value: 20
      objectReference: {fileID: 0}
    - target: {fileID: 435102, guid: bd0c560960a4aac4dbdf62db08be8a41, type: 3}
      propertyPath: m_LocalRotation.x
      value: 0
      objectReference: {fileID: 0}
    - target: {fileID: 435102, guid: bd0c560960a4aac4dbdf62db08be8a41, type: 3}
      propertyPath: m_LocalRotation.y
      value: 0
      objectReference: {fileID: 0}
    - target: {fileID: 435102, guid: bd0c560960a4aac4dbdf62db08be8a41, type: 3}
      propertyPath: m_LocalRotation.z
      value: 0
      objectReference: {fileID: 0}
    - target: {fileID: 435102, guid: bd0c560960a4aac4dbdf62db08be8a41, type: 3}
      propertyPath: m_LocalRotation.w
      value: 1
      objectReference: {fileID: 0}
    - target: {fileID: 435102, guid: bd0c560960a4aac4dbdf62db08be8a41, type: 3}
      propertyPath: m_RootOrder
      value: 11
      objectReference: {fileID: 0}
    - target: {fileID: 435102, guid: bd0c560960a4aac4dbdf62db08be8a41, type: 3}
      propertyPath: m_LocalEulerAnglesHint.x
      value: 0
      objectReference: {fileID: 0}
    - target: {fileID: 435102, guid: bd0c560960a4aac4dbdf62db08be8a41, type: 3}
      propertyPath: m_LocalEulerAnglesHint.y
      value: 0
      objectReference: {fileID: 0}
    - target: {fileID: 435102, guid: bd0c560960a4aac4dbdf62db08be8a41, type: 3}
      propertyPath: m_LocalEulerAnglesHint.z
      value: 0
      objectReference: {fileID: 0}
    - target: {fileID: 435102, guid: bd0c560960a4aac4dbdf62db08be8a41, type: 3}
      propertyPath: m_LocalScale.x
      value: 8
      objectReference: {fileID: 0}
    - target: {fileID: 435102, guid: bd0c560960a4aac4dbdf62db08be8a41, type: 3}
      propertyPath: m_LocalScale.z
      value: 8
      objectReference: {fileID: 0}
    m_RemovedComponents: []
  m_SourcePrefab: {fileID: 100100000, guid: bd0c560960a4aac4dbdf62db08be8a41, type: 3}
--- !u!4 &4682167711424374689 stripped
Transform:
  m_CorrespondingSourceObject: {fileID: 435102, guid: bd0c560960a4aac4dbdf62db08be8a41,
    type: 3}
  m_PrefabInstance: {fileID: 4682167711424726079}
  m_PrefabAsset: {fileID: 0}
--- !u!1001 &5254799323191369314
PrefabInstance:
  m_ObjectHideFlags: 0
  serializedVersion: 2
  m_Modification:
    m_TransformParent: {fileID: 4363322754546841457}
    m_Modifications:
    - target: {fileID: 165528, guid: f04b9e465ffca514f9a05fdf253eb239, type: 3}
      propertyPath: m_Name
      value: SA_Prop_BrokenBike_02
      objectReference: {fileID: 0}
    - target: {fileID: 459248, guid: f04b9e465ffca514f9a05fdf253eb239, type: 3}
      propertyPath: m_LocalPosition.x
      value: -4.6
      objectReference: {fileID: 0}
    - target: {fileID: 459248, guid: f04b9e465ffca514f9a05fdf253eb239, type: 3}
      propertyPath: m_LocalPosition.y
      value: 0.083155334
      objectReference: {fileID: 0}
    - target: {fileID: 459248, guid: f04b9e465ffca514f9a05fdf253eb239, type: 3}
      propertyPath: m_LocalPosition.z
      value: -9.4
      objectReference: {fileID: 0}
    - target: {fileID: 459248, guid: f04b9e465ffca514f9a05fdf253eb239, type: 3}
      propertyPath: m_LocalRotation.x
      value: -0
      objectReference: {fileID: 0}
    - target: {fileID: 459248, guid: f04b9e465ffca514f9a05fdf253eb239, type: 3}
      propertyPath: m_LocalRotation.y
      value: -0.36700627
      objectReference: {fileID: 0}
    - target: {fileID: 459248, guid: f04b9e465ffca514f9a05fdf253eb239, type: 3}
      propertyPath: m_LocalRotation.z
      value: -0
      objectReference: {fileID: 0}
    - target: {fileID: 459248, guid: f04b9e465ffca514f9a05fdf253eb239, type: 3}
      propertyPath: m_LocalRotation.w
      value: 0.9302185
      objectReference: {fileID: 0}
    - target: {fileID: 459248, guid: f04b9e465ffca514f9a05fdf253eb239, type: 3}
      propertyPath: m_RootOrder
      value: 5
      objectReference: {fileID: 0}
    - target: {fileID: 459248, guid: f04b9e465ffca514f9a05fdf253eb239, type: 3}
      propertyPath: m_LocalEulerAnglesHint.x
      value: 0
      objectReference: {fileID: 0}
    - target: {fileID: 459248, guid: f04b9e465ffca514f9a05fdf253eb239, type: 3}
      propertyPath: m_LocalEulerAnglesHint.y
      value: -43.062
      objectReference: {fileID: 0}
    - target: {fileID: 459248, guid: f04b9e465ffca514f9a05fdf253eb239, type: 3}
      propertyPath: m_LocalEulerAnglesHint.z
      value: 0
      objectReference: {fileID: 0}
    m_RemovedComponents: []
  m_SourcePrefab: {fileID: 100100000, guid: f04b9e465ffca514f9a05fdf253eb239, type: 3}
--- !u!4 &5254799323191828370 stripped
Transform:
  m_CorrespondingSourceObject: {fileID: 459248, guid: f04b9e465ffca514f9a05fdf253eb239,
    type: 3}
  m_PrefabInstance: {fileID: 5254799323191369314}
  m_PrefabAsset: {fileID: 0}
--- !u!1 &5254799323191466234 stripped
GameObject:
  m_CorrespondingSourceObject: {fileID: 165528, guid: f04b9e465ffca514f9a05fdf253eb239,
    type: 3}
  m_PrefabInstance: {fileID: 5254799323191369314}
  m_PrefabAsset: {fileID: 0}
--- !u!1001 &5656163668716254323
PrefabInstance:
  m_ObjectHideFlags: 0
  serializedVersion: 2
  m_Modification:
    m_TransformParent: {fileID: 7064507460447460988}
    m_Modifications:
    - target: {fileID: 110332, guid: 0b0093c197978fc449e4eca5e45b130b, type: 3}
      propertyPath: m_Name
      value: SA_Wep_Crowbar
      objectReference: {fileID: 0}
    - target: {fileID: 434996, guid: 0b0093c197978fc449e4eca5e45b130b, type: 3}
      propertyPath: m_LocalPosition.x
      value: -0.115
      objectReference: {fileID: 0}
    - target: {fileID: 434996, guid: 0b0093c197978fc449e4eca5e45b130b, type: 3}
      propertyPath: m_LocalPosition.y
      value: -0
      objectReference: {fileID: 0}
    - target: {fileID: 434996, guid: 0b0093c197978fc449e4eca5e45b130b, type: 3}
      propertyPath: m_LocalPosition.z
      value: 0
      objectReference: {fileID: 0}
    - target: {fileID: 434996, guid: 0b0093c197978fc449e4eca5e45b130b, type: 3}
      propertyPath: m_LocalRotation.x
      value: -0.7071068
      objectReference: {fileID: 0}
    - target: {fileID: 434996, guid: 0b0093c197978fc449e4eca5e45b130b, type: 3}
      propertyPath: m_LocalRotation.y
      value: 0
      objectReference: {fileID: 0}
    - target: {fileID: 434996, guid: 0b0093c197978fc449e4eca5e45b130b, type: 3}
      propertyPath: m_LocalRotation.z
      value: 0
      objectReference: {fileID: 0}
    - target: {fileID: 434996, guid: 0b0093c197978fc449e4eca5e45b130b, type: 3}
      propertyPath: m_LocalRotation.w
      value: 0.7071068
      objectReference: {fileID: 0}
    - target: {fileID: 434996, guid: 0b0093c197978fc449e4eca5e45b130b, type: 3}
      propertyPath: m_RootOrder
      value: 0
      objectReference: {fileID: 0}
    - target: {fileID: 434996, guid: 0b0093c197978fc449e4eca5e45b130b, type: 3}
      propertyPath: m_LocalEulerAnglesHint.x
      value: -90
      objectReference: {fileID: 0}
    - target: {fileID: 434996, guid: 0b0093c197978fc449e4eca5e45b130b, type: 3}
      propertyPath: m_LocalEulerAnglesHint.y
      value: 0
      objectReference: {fileID: 0}
    - target: {fileID: 434996, guid: 0b0093c197978fc449e4eca5e45b130b, type: 3}
      propertyPath: m_LocalEulerAnglesHint.z
      value: 0
      objectReference: {fileID: 0}
    - target: {fileID: 434996, guid: 0b0093c197978fc449e4eca5e45b130b, type: 3}
      propertyPath: m_LocalScale.x
      value: 1
      objectReference: {fileID: 0}
    m_RemovedComponents: []
  m_SourcePrefab: {fileID: 100100000, guid: 0b0093c197978fc449e4eca5e45b130b, type: 3}
--- !u!1001 &6050360088538700078
PrefabInstance:
  m_ObjectHideFlags: 0
  serializedVersion: 2
  m_Modification:
    m_TransformParent: {fileID: 4363322754546841457}
    m_Modifications:
    - target: {fileID: 182282, guid: ed8ff1c5b0a9ec645b479e4ea4feff34, type: 3}
      propertyPath: m_Name
      value: SA_Prop_BarrelTipped_02
      objectReference: {fileID: 0}
    - target: {fileID: 463310, guid: ed8ff1c5b0a9ec645b479e4ea4feff34, type: 3}
      propertyPath: m_LocalPosition.x
      value: -14.78
      objectReference: {fileID: 0}
    - target: {fileID: 463310, guid: ed8ff1c5b0a9ec645b479e4ea4feff34, type: 3}
      propertyPath: m_LocalPosition.y
      value: 0
      objectReference: {fileID: 0}
    - target: {fileID: 463310, guid: ed8ff1c5b0a9ec645b479e4ea4feff34, type: 3}
      propertyPath: m_LocalPosition.z
      value: 11.54
      objectReference: {fileID: 0}
    - target: {fileID: 463310, guid: ed8ff1c5b0a9ec645b479e4ea4feff34, type: 3}
      propertyPath: m_LocalRotation.x
      value: -0
      objectReference: {fileID: 0}
    - target: {fileID: 463310, guid: ed8ff1c5b0a9ec645b479e4ea4feff34, type: 3}
      propertyPath: m_LocalRotation.y
      value: 0.13961193
      objectReference: {fileID: 0}
    - target: {fileID: 463310, guid: ed8ff1c5b0a9ec645b479e4ea4feff34, type: 3}
      propertyPath: m_LocalRotation.z
      value: -0
      objectReference: {fileID: 0}
    - target: {fileID: 463310, guid: ed8ff1c5b0a9ec645b479e4ea4feff34, type: 3}
      propertyPath: m_LocalRotation.w
      value: 0.99020636
      objectReference: {fileID: 0}
    - target: {fileID: 463310, guid: ed8ff1c5b0a9ec645b479e4ea4feff34, type: 3}
      propertyPath: m_RootOrder
      value: 8
      objectReference: {fileID: 0}
    - target: {fileID: 463310, guid: ed8ff1c5b0a9ec645b479e4ea4feff34, type: 3}
      propertyPath: m_LocalEulerAnglesHint.x
      value: 0
      objectReference: {fileID: 0}
    - target: {fileID: 463310, guid: ed8ff1c5b0a9ec645b479e4ea4feff34, type: 3}
      propertyPath: m_LocalEulerAnglesHint.y
      value: 16.051
      objectReference: {fileID: 0}
    - target: {fileID: 463310, guid: ed8ff1c5b0a9ec645b479e4ea4feff34, type: 3}
      propertyPath: m_LocalEulerAnglesHint.z
      value: 0
      objectReference: {fileID: 0}
    - target: {fileID: 463310, guid: ed8ff1c5b0a9ec645b479e4ea4feff34, type: 3}
      propertyPath: m_LocalScale.x
      value: 0.6
      objectReference: {fileID: 0}
    - target: {fileID: 463310, guid: ed8ff1c5b0a9ec645b479e4ea4feff34, type: 3}
      propertyPath: m_LocalScale.y
      value: 0.6
      objectReference: {fileID: 0}
    - target: {fileID: 463310, guid: ed8ff1c5b0a9ec645b479e4ea4feff34, type: 3}
      propertyPath: m_LocalScale.z
      value: 0.6
      objectReference: {fileID: 0}
    m_RemovedComponents: []
  m_SourcePrefab: {fileID: 100100000, guid: ed8ff1c5b0a9ec645b479e4ea4feff34, type: 3}
--- !u!4 &6050360088538630368 stripped
Transform:
  m_CorrespondingSourceObject: {fileID: 463310, guid: ed8ff1c5b0a9ec645b479e4ea4feff34,
    type: 3}
  m_PrefabInstance: {fileID: 6050360088538700078}
  m_PrefabAsset: {fileID: 0}
--- !u!1 &6050360088538779940 stripped
GameObject:
  m_CorrespondingSourceObject: {fileID: 182282, guid: ed8ff1c5b0a9ec645b479e4ea4feff34,
    type: 3}
  m_PrefabInstance: {fileID: 6050360088538700078}
  m_PrefabAsset: {fileID: 0}
--- !u!1001 &6788372323121088598
PrefabInstance:
  m_ObjectHideFlags: 0
  serializedVersion: 2
  m_Modification:
    m_TransformParent: {fileID: 4363322754546841457}
    m_Modifications:
    - target: {fileID: 2909670997621475340, guid: 05ea32e412253624986f7fff2fc9616a,
        type: 3}
      propertyPath: m_Name
      value: TileReflectionProbe
      objectReference: {fileID: 0}
    - target: {fileID: 3802324922446838325, guid: 05ea32e412253624986f7fff2fc9616a,
        type: 3}
      propertyPath: m_LocalPosition.x
      value: 0
      objectReference: {fileID: 0}
    - target: {fileID: 3802324922446838325, guid: 05ea32e412253624986f7fff2fc9616a,
        type: 3}
      propertyPath: m_LocalPosition.y
      value: 7.4
      objectReference: {fileID: 0}
    - target: {fileID: 3802324922446838325, guid: 05ea32e412253624986f7fff2fc9616a,
        type: 3}
      propertyPath: m_LocalPosition.z
      value: 0
      objectReference: {fileID: 0}
    - target: {fileID: 3802324922446838325, guid: 05ea32e412253624986f7fff2fc9616a,
        type: 3}
      propertyPath: m_LocalRotation.x
      value: 0
      objectReference: {fileID: 0}
    - target: {fileID: 3802324922446838325, guid: 05ea32e412253624986f7fff2fc9616a,
        type: 3}
      propertyPath: m_LocalRotation.y
      value: 0
      objectReference: {fileID: 0}
    - target: {fileID: 3802324922446838325, guid: 05ea32e412253624986f7fff2fc9616a,
        type: 3}
      propertyPath: m_LocalRotation.z
      value: 0
      objectReference: {fileID: 0}
    - target: {fileID: 3802324922446838325, guid: 05ea32e412253624986f7fff2fc9616a,
        type: 3}
      propertyPath: m_LocalRotation.w
      value: 1
      objectReference: {fileID: 0}
    - target: {fileID: 3802324922446838325, guid: 05ea32e412253624986f7fff2fc9616a,
        type: 3}
      propertyPath: m_RootOrder
      value: 3
      objectReference: {fileID: 0}
    - target: {fileID: 3802324922446838325, guid: 05ea32e412253624986f7fff2fc9616a,
        type: 3}
      propertyPath: m_LocalEulerAnglesHint.x
      value: 0
      objectReference: {fileID: 0}
    - target: {fileID: 3802324922446838325, guid: 05ea32e412253624986f7fff2fc9616a,
        type: 3}
      propertyPath: m_LocalEulerAnglesHint.y
      value: 0
      objectReference: {fileID: 0}
    - target: {fileID: 3802324922446838325, guid: 05ea32e412253624986f7fff2fc9616a,
        type: 3}
      propertyPath: m_LocalEulerAnglesHint.z
      value: 0
      objectReference: {fileID: 0}
    m_RemovedComponents: []
  m_SourcePrefab: {fileID: 100100000, guid: 05ea32e412253624986f7fff2fc9616a, type: 3}
--- !u!4 &7706141606322582115 stripped
Transform:
  m_CorrespondingSourceObject: {fileID: 3802324922446838325, guid: 05ea32e412253624986f7fff2fc9616a,
    type: 3}
  m_PrefabInstance: {fileID: 6788372323121088598}
  m_PrefabAsset: {fileID: 0}
--- !u!215 &2120154106766586761 stripped
ReflectionProbe:
  m_CorrespondingSourceObject: {fileID: 4853024714875059167, guid: 05ea32e412253624986f7fff2fc9616a,
    type: 3}
  m_PrefabInstance: {fileID: 6788372323121088598}
  m_PrefabAsset: {fileID: 0}
--- !u!1001 &7064507460447773662
PrefabInstance:
  m_ObjectHideFlags: 0
  serializedVersion: 2
  m_Modification:
    m_TransformParent: {fileID: 4363322754546841457}
    m_Modifications:
    - target: {fileID: 189548, guid: 3a656f6072373894c88bbdf413b01d33, type: 3}
      propertyPath: m_Name
      value: SA_Character_MaleSurvivor01
      objectReference: {fileID: 0}
    - target: {fileID: 447896, guid: 3a656f6072373894c88bbdf413b01d33, type: 3}
      propertyPath: m_LocalRotation.y
      value: -0.00040235356
      objectReference: {fileID: 0}
    - target: {fileID: 447896, guid: 3a656f6072373894c88bbdf413b01d33, type: 3}
      propertyPath: m_LocalRotation.w
      value: 0.00046159796
      objectReference: {fileID: 0}
    - target: {fileID: 467150, guid: 3a656f6072373894c88bbdf413b01d33, type: 3}
      propertyPath: m_LocalPosition.x
      value: -8.963623
      objectReference: {fileID: 0}
    - target: {fileID: 467150, guid: 3a656f6072373894c88bbdf413b01d33, type: 3}
      propertyPath: m_LocalPosition.y
      value: 0
      objectReference: {fileID: 0}
    - target: {fileID: 467150, guid: 3a656f6072373894c88bbdf413b01d33, type: 3}
      propertyPath: m_LocalPosition.z
      value: 4.769661
      objectReference: {fileID: 0}
    - target: {fileID: 467150, guid: 3a656f6072373894c88bbdf413b01d33, type: 3}
      propertyPath: m_LocalRotation.x
      value: -0
      objectReference: {fileID: 0}
    - target: {fileID: 467150, guid: 3a656f6072373894c88bbdf413b01d33, type: 3}
      propertyPath: m_LocalRotation.y
      value: -0.18547755
      objectReference: {fileID: 0}
    - target: {fileID: 467150, guid: 3a656f6072373894c88bbdf413b01d33, type: 3}
      propertyPath: m_LocalRotation.z
      value: -0
      objectReference: {fileID: 0}
    - target: {fileID: 467150, guid: 3a656f6072373894c88bbdf413b01d33, type: 3}
      propertyPath: m_LocalRotation.w
      value: 0.98264855
      objectReference: {fileID: 0}
    - target: {fileID: 467150, guid: 3a656f6072373894c88bbdf413b01d33, type: 3}
      propertyPath: m_RootOrder
      value: 12
      objectReference: {fileID: 0}
    - target: {fileID: 467150, guid: 3a656f6072373894c88bbdf413b01d33, type: 3}
      propertyPath: m_LocalEulerAnglesHint.x
      value: 0
      objectReference: {fileID: 0}
    - target: {fileID: 467150, guid: 3a656f6072373894c88bbdf413b01d33, type: 3}
      propertyPath: m_LocalEulerAnglesHint.y
      value: -21.378
      objectReference: {fileID: 0}
    - target: {fileID: 467150, guid: 3a656f6072373894c88bbdf413b01d33, type: 3}
      propertyPath: m_LocalEulerAnglesHint.z
      value: 0
      objectReference: {fileID: 0}
    - target: {fileID: 9526972, guid: 3a656f6072373894c88bbdf413b01d33, type: 3}
      propertyPath: m_ApplyRootMotion
      value: 0
      objectReference: {fileID: 0}
    - target: {fileID: 9526972, guid: 3a656f6072373894c88bbdf413b01d33, type: 3}
      propertyPath: m_Controller
      value: 
      objectReference: {fileID: 9100000, guid: dbbcd4537e064304780e8849b0e82cd9, type: 2}
    m_RemovedComponents: []
  m_SourcePrefab: {fileID: 100100000, guid: 3a656f6072373894c88bbdf413b01d33, type: 3}
--- !u!1 &7064507460447684530 stripped
GameObject:
  m_CorrespondingSourceObject: {fileID: 189548, guid: 3a656f6072373894c88bbdf413b01d33,
    type: 3}
  m_PrefabInstance: {fileID: 7064507460447773662}
  m_PrefabAsset: {fileID: 0}
--- !u!4 &7064507460447437584 stripped
Transform:
  m_CorrespondingSourceObject: {fileID: 467150, guid: 3a656f6072373894c88bbdf413b01d33,
    type: 3}
  m_PrefabInstance: {fileID: 7064507460447773662}
  m_PrefabAsset: {fileID: 0}
--- !u!4 &7064507460447460988 stripped
Transform:
  m_CorrespondingSourceObject: {fileID: 490914, guid: 3a656f6072373894c88bbdf413b01d33,
    type: 3}
  m_PrefabInstance: {fileID: 7064507460447773662}
  m_PrefabAsset: {fileID: 0}
--- !u!1001 &7556319347487199303
PrefabInstance:
  m_ObjectHideFlags: 0
  serializedVersion: 2
  m_Modification:
    m_TransformParent: {fileID: 4363322754546841457}
    m_Modifications:
    - target: {fileID: 184440, guid: 2cfca9a105b8eae4e85ff006c7f9c824, type: 3}
      propertyPath: m_Name
      value: AI_Env_Fallen_Floor
      objectReference: {fileID: 0}
    - target: {fileID: 461584, guid: 2cfca9a105b8eae4e85ff006c7f9c824, type: 3}
      propertyPath: m_LocalPosition.x
      value: 3.22
      objectReference: {fileID: 0}
    - target: {fileID: 461584, guid: 2cfca9a105b8eae4e85ff006c7f9c824, type: 3}
      propertyPath: m_LocalPosition.y
      value: 0
      objectReference: {fileID: 0}
    - target: {fileID: 461584, guid: 2cfca9a105b8eae4e85ff006c7f9c824, type: 3}
      propertyPath: m_LocalPosition.z
      value: 8.27
      objectReference: {fileID: 0}
    - target: {fileID: 461584, guid: 2cfca9a105b8eae4e85ff006c7f9c824, type: 3}
      propertyPath: m_LocalRotation.x
      value: -0
      objectReference: {fileID: 0}
    - target: {fileID: 461584, guid: 2cfca9a105b8eae4e85ff006c7f9c824, type: 3}
      propertyPath: m_LocalRotation.y
      value: 0.38274324
      objectReference: {fileID: 0}
    - target: {fileID: 461584, guid: 2cfca9a105b8eae4e85ff006c7f9c824, type: 3}
      propertyPath: m_LocalRotation.z
      value: -0
      objectReference: {fileID: 0}
    - target: {fileID: 461584, guid: 2cfca9a105b8eae4e85ff006c7f9c824, type: 3}
      propertyPath: m_LocalRotation.w
      value: 0.92385477
      objectReference: {fileID: 0}
    - target: {fileID: 461584, guid: 2cfca9a105b8eae4e85ff006c7f9c824, type: 3}
      propertyPath: m_RootOrder
      value: 14
      objectReference: {fileID: 0}
    - target: {fileID: 461584, guid: 2cfca9a105b8eae4e85ff006c7f9c824, type: 3}
      propertyPath: m_LocalEulerAnglesHint.x
      value: 0
      objectReference: {fileID: 0}
    - target: {fileID: 461584, guid: 2cfca9a105b8eae4e85ff006c7f9c824, type: 3}
      propertyPath: m_LocalEulerAnglesHint.y
      value: 45.007004
      objectReference: {fileID: 0}
    - target: {fileID: 461584, guid: 2cfca9a105b8eae4e85ff006c7f9c824, type: 3}
      propertyPath: m_LocalEulerAnglesHint.z
      value: 0
      objectReference: {fileID: 0}
    m_RemovedComponents: []
  m_SourcePrefab: {fileID: 100100000, guid: 2cfca9a105b8eae4e85ff006c7f9c824, type: 3}
--- !u!1 &7556319347487014975 stripped
GameObject:
  m_CorrespondingSourceObject: {fileID: 184440, guid: 2cfca9a105b8eae4e85ff006c7f9c824,
    type: 3}
  m_PrefabInstance: {fileID: 7556319347487199303}
  m_PrefabAsset: {fileID: 0}
--- !u!4 &7556319347487398743 stripped
Transform:
  m_CorrespondingSourceObject: {fileID: 461584, guid: 2cfca9a105b8eae4e85ff006c7f9c824,
    type: 3}
  m_PrefabInstance: {fileID: 7556319347487199303}
  m_PrefabAsset: {fileID: 0}
--- !u!1001 &7569087108163159295
PrefabInstance:
  m_ObjectHideFlags: 0
  serializedVersion: 2
  m_Modification:
    m_TransformParent: {fileID: 4363322754546841457}
    m_Modifications:
    - target: {fileID: 154610, guid: cab3bc61caaa48343ad22d888f781395, type: 3}
      propertyPath: m_Name
      value: AI_Env_Pages_02
      objectReference: {fileID: 0}
    - target: {fileID: 424974, guid: cab3bc61caaa48343ad22d888f781395, type: 3}
      propertyPath: m_LocalPosition.x
      value: -8.596741
      objectReference: {fileID: 0}
    - target: {fileID: 424974, guid: cab3bc61caaa48343ad22d888f781395, type: 3}
      propertyPath: m_LocalPosition.y
      value: 0
      objectReference: {fileID: 0}
    - target: {fileID: 424974, guid: cab3bc61caaa48343ad22d888f781395, type: 3}
      propertyPath: m_LocalPosition.z
      value: -2.561892
      objectReference: {fileID: 0}
    - target: {fileID: 424974, guid: cab3bc61caaa48343ad22d888f781395, type: 3}
      propertyPath: m_LocalRotation.x
      value: -0
      objectReference: {fileID: 0}
    - target: {fileID: 424974, guid: cab3bc61caaa48343ad22d888f781395, type: 3}
      propertyPath: m_LocalRotation.y
      value: 0.43275082
      objectReference: {fileID: 0}
    - target: {fileID: 424974, guid: cab3bc61caaa48343ad22d888f781395, type: 3}
      propertyPath: m_LocalRotation.z
      value: -0
      objectReference: {fileID: 0}
    - target: {fileID: 424974, guid: cab3bc61caaa48343ad22d888f781395, type: 3}
      propertyPath: m_LocalRotation.w
      value: 0.9015135
      objectReference: {fileID: 0}
    - target: {fileID: 424974, guid: cab3bc61caaa48343ad22d888f781395, type: 3}
      propertyPath: m_RootOrder
      value: 13
      objectReference: {fileID: 0}
    - target: {fileID: 424974, guid: cab3bc61caaa48343ad22d888f781395, type: 3}
      propertyPath: m_LocalEulerAnglesHint.x
      value: 0
      objectReference: {fileID: 0}
    - target: {fileID: 424974, guid: cab3bc61caaa48343ad22d888f781395, type: 3}
      propertyPath: m_LocalEulerAnglesHint.y
      value: 51.285004
      objectReference: {fileID: 0}
    - target: {fileID: 424974, guid: cab3bc61caaa48343ad22d888f781395, type: 3}
      propertyPath: m_LocalEulerAnglesHint.z
      value: 0
      objectReference: {fileID: 0}
    - target: {fileID: 424974, guid: cab3bc61caaa48343ad22d888f781395, type: 3}
      propertyPath: m_LocalScale.x
      value: 2.1097693
      objectReference: {fileID: 0}
    - target: {fileID: 424974, guid: cab3bc61caaa48343ad22d888f781395, type: 3}
      propertyPath: m_LocalScale.z
      value: 1.3126
      objectReference: {fileID: 0}
    m_RemovedComponents: []
  m_SourcePrefab: {fileID: 100100000, guid: cab3bc61caaa48343ad22d888f781395, type: 3}
--- !u!4 &7569087108163025137 stripped
Transform:
  m_CorrespondingSourceObject: {fileID: 424974, guid: cab3bc61caaa48343ad22d888f781395,
    type: 3}
  m_PrefabInstance: {fileID: 7569087108163159295}
  m_PrefabAsset: {fileID: 0}
--- !u!1001 &8264242792691830357
PrefabInstance:
  m_ObjectHideFlags: 0
  serializedVersion: 2
  m_Modification:
    m_TransformParent: {fileID: 4363322754546841457}
    m_Modifications:
    - target: {fileID: 154084, guid: b7afa95f349924b41bffe9ab3b500d5c, type: 3}
      propertyPath: m_Name
      value: SA_Prop_BurnBarrel_01
      objectReference: {fileID: 0}
    - target: {fileID: 407148, guid: b7afa95f349924b41bffe9ab3b500d5c, type: 3}
      propertyPath: m_LocalPosition.x
      value: -17.4
      objectReference: {fileID: 0}
    - target: {fileID: 407148, guid: b7afa95f349924b41bffe9ab3b500d5c, type: 3}
      propertyPath: m_LocalPosition.y
      value: 0.013067816
      objectReference: {fileID: 0}
    - target: {fileID: 407148, guid: b7afa95f349924b41bffe9ab3b500d5c, type: 3}
      propertyPath: m_LocalPosition.z
      value: -13.88
      objectReference: {fileID: 0}
    - target: {fileID: 407148, guid: b7afa95f349924b41bffe9ab3b500d5c, type: 3}
      propertyPath: m_LocalRotation.x
      value: -0
      objectReference: {fileID: 0}
    - target: {fileID: 407148, guid: b7afa95f349924b41bffe9ab3b500d5c, type: 3}
      propertyPath: m_LocalRotation.y
      value: -0
      objectReference: {fileID: 0}
    - target: {fileID: 407148, guid: b7afa95f349924b41bffe9ab3b500d5c, type: 3}
      propertyPath: m_LocalRotation.z
      value: -0
      objectReference: {fileID: 0}
    - target: {fileID: 407148, guid: b7afa95f349924b41bffe9ab3b500d5c, type: 3}
      propertyPath: m_LocalRotation.w
      value: 1
      objectReference: {fileID: 0}
    - target: {fileID: 407148, guid: b7afa95f349924b41bffe9ab3b500d5c, type: 3}
      propertyPath: m_RootOrder
      value: 6
      objectReference: {fileID: 0}
    - target: {fileID: 407148, guid: b7afa95f349924b41bffe9ab3b500d5c, type: 3}
      propertyPath: m_LocalEulerAnglesHint.x
      value: 0
      objectReference: {fileID: 0}
    - target: {fileID: 407148, guid: b7afa95f349924b41bffe9ab3b500d5c, type: 3}
      propertyPath: m_LocalEulerAnglesHint.y
      value: 0
      objectReference: {fileID: 0}
    - target: {fileID: 407148, guid: b7afa95f349924b41bffe9ab3b500d5c, type: 3}
      propertyPath: m_LocalEulerAnglesHint.z
      value: 0
      objectReference: {fileID: 0}
    m_RemovedComponents: []
  m_SourcePrefab: {fileID: 100100000, guid: b7afa95f349924b41bffe9ab3b500d5c, type: 3}
--- !u!4 &8264242792691972153 stripped
Transform:
  m_CorrespondingSourceObject: {fileID: 407148, guid: b7afa95f349924b41bffe9ab3b500d5c,
    type: 3}
  m_PrefabInstance: {fileID: 8264242792691830357}
  m_PrefabAsset: {fileID: 0}
--- !u!1 &8264242792691718065 stripped
GameObject:
  m_CorrespondingSourceObject: {fileID: 154084, guid: b7afa95f349924b41bffe9ab3b500d5c,
    type: 3}
  m_PrefabInstance: {fileID: 8264242792691830357}
  m_PrefabAsset: {fileID: 0}
